<record><leader>00000cas a2200000 a 4500</leader><controlfield tag="001">27478621</controlfield><controlfield tag="008">930222d18841953iluwr ne      0   a0eng c</controlfield><datafield ind1=" " ind2=" " tag="010"><subfield code="a">sn 93055507 </subfield></datafield><datafield ind1=" " ind2=" " tag="040"><subfield code="a">NVF</subfield><subfield code="b">eng</subfield><subfield code="c">NVF</subfield><subfield code="d">OCLCQ</subfield><subfield code="d">NVF</subfield><subfield code="d">OCLCQ</subfield><subfield code="d">OCLCF</subfield><subfield code="d">OCLCO</subfield><subfield code="d">NVF</subfield></datafield><datafield ind1=" " ind2=" " tag="042"><subfield code="a">pcc</subfield></datafield><datafield ind1=" " ind2=" " tag="043"><subfield code="a">n-us-il</subfield></datafield><datafield ind1="0" ind2="4" tag="245"><subfield code="a">The Raritan reporter.</subfield></datafield><datafield ind1=" " ind2=" " tag="260"><subfield code="a">Raritan, Ill. :</subfield><subfield code="b">Edward O. Barnes</subfield></datafield><datafield ind1=" " ind2=" " tag="300"><subfield code="a">v.</subfield></datafield><datafield ind1=" " ind2=" " tag="310"><subfield code="a">Weekly</subfield></datafield><datafield ind1="1" ind2=" " tag="362"><subfield code="a">Began in 1884? Ceased in 1953.</subfield></datafield><datafield ind1=" " ind2=" " tag="580"><subfield code="a">Merged with: Stronghurst graphic, and: Henderson County news (Lomax, Ill.), to form: Henderson County graphic-reporter.</subfield></datafield><datafield ind1=" " ind2=" " tag="588"><subfield code="a">Description based on: Vol. 1, no. 10 (Jan. 15, 1885).</subfield></datafield><datafield ind1=" " ind2=" " tag="588"><subfield code="a">Latest issue consulted: Sept. 17, 1953.</subfield></datafield><datafield ind1=" " ind2="0" tag="651"><subfield code="a">Raritan (Ill.)</subfield><subfield code="v">Newspapers.</subfield></datafield><datafield ind1=" " ind2="7" tag="651"><subfield code="a">Illinois</subfield><subfield code="z">Raritan.</subfield><subfield code="2">fast</subfield><subfield code="0">(OCoLC)fst01303437</subfield></datafield><datafield ind1=" " ind2="7" tag="655"><subfield code="a">Newspapers.</subfield><subfield code="2">fast</subfield><subfield code="0">(OCoLC)fst01423814</subfield></datafield><datafield ind1=" " ind2=" " tag="752"><subfield code="a">United States</subfield><subfield code="b">Illinois</subfield><subfield code="c">Henderson County</subfield><subfield code="d">Raritan.</subfield></datafield><datafield ind1="0" ind2="0" tag="780"><subfield code="t">Reporter (Raritan, Ill.)</subfield><subfield code="w">(DLC)sn 94060566</subfield><subfield code="w">(OCoLC)31031578</subfield></datafield><datafield ind1="1" ind2="7" tag="785"><subfield code="t">Stronghurst graphic</subfield><subfield code="w">(DLC)sn 93055508</subfield><subfield code="w">(OCoLC)27478738</subfield></datafield><datafield ind1="1" ind2="7" tag="785"><subfield code="t">Henderson County news (Lomax, Ill.)</subfield><subfield code="w">(DLC)sn 98063302</subfield><subfield code="w">(OCoLC)40533657</subfield></datafield><datafield ind1="1" ind2="7" tag="785"><subfield code="t">Henderson County graphic-reporter</subfield><subfield code="w">(DLC)sn 93055509</subfield><subfield code="w">(OCoLC)27478810</subfield></datafield></record>